@article {DurmusMoulines:18,
    AUTHOR = {Durmus, Alain and Moulines, {\'E}ric},
     TITLE = {High-dimensional {B}ayesian inference via the {U}nadjusted {L}angevin {A}lgorithms},
   JOURNAL = {Preprint, arXiv:1605.01559v3},
      YEAR = {2018},
}

@misc{christian1999monte,
  title={Monte Carlo statistical methods},
  author={Christian, P Robert and Casella, George},
  year={1999},
  publisher={Springer New York}
}

@book{moulines2018,
  title={Markov Chains},
  author={Douc, R and  Moulines, E and Priouret, P and Soulier, P},
  year={2018},
  publisher={Springer New York}
}



@book{rubinstein2016simulation,
  title={Simulation and the Monte Carlo method},
  author={Rubinstein, Reuven Y and Kroese, Dirk P},
  volume={10},
  year={2016},
  publisher={John Wiley \& Sons}
}

@book{glasserman2013monte,
  title={Monte Carlo methods in financial engineering},
  author={Glasserman, Paul},
  volume={53},
  year={2013},
  publisher={Springer Science \& Business Media}
}

@book{dimov2008monte,
  title={Monte Carlo methods for applied scientists},
  author={Dimov, Ivan T},
  year={2008},
  publisher={World Scientific}
}


@article{belomestny2018stratified,
  title={Variance reduction for discretised diffusions via regression},
  author={Belomestny, Denis and H{\"a}fner, Stefan and Urusov, Mikhail},
  journal={Journal of Mathematical Analysis and Applications},
  volume={458},
  pages={393-418},
  year={2018},
  publisher={Elsevier}
}

@article{dellaportas2012control,
  title={Control variates for estimation based on reversible Markov chain Monte Carlo samplers},
  author={Dellaportas, Petros and Kontoyiannis, Ioannis},
  journal={Journal of the Royal Statistical Society: Series B (Statistical Methodology)},
  volume={74},
  number={1},
  pages={133--161},
  year={2012},
  publisher={Wiley Online Library}
}

@article{oates2017control,
  title={Control functionals for Monte Carlo integration},
  author={Oates, Chris J and Girolami, Mark and Chopin, Nicolas},
  journal={Journal of the Royal Statistical Society: Series B (Statistical Methodology)},
  volume={79},
  number={3},
  pages={695--718},
  year={2017},
  publisher={Wiley Online Library}
}

@article{mijatovic2018poisson,
  title={On the Poisson equation for Metropolis--Hastings chains},
  author={Mijatovi{\'c}, Aleksandar and Vogrinc, Jure and others},
  journal={Bernoulli},
  volume={24},
  number={3},
  pages={2401--2428},
  year={2018},
  publisher={Bernoulli Society for Mathematical Statistics and Probability}
}

@article{duncan2016variance,
  title={Variance reduction using nonreversible Langevin samplers},
  author={Duncan, Andrew B and Lelievre, Tony and Pavliotis, GA},
  journal={Journal of statistical physics},
  volume={163},
  number={3},
  pages={457--491},
  year={2016},
  publisher={Springer}
}


@article{mira2013zero,
  title={Zero variance markov chain monte carlo for bayesian estimators},
  author={Mira, Antonietta and Solgi, Reza and Imparato, Daniele},
  journal={Statistics and Computing},
  volume={23},
  number={5},
  pages={653--662},
  year={2013},
  publisher={Springer}
}


@phdthesis{henderson1997variance,
  title={Variance reduction via an approximating Markov process},
  author={Henderson, Shane G},
  year={1997},
  school={Stanford University}
}


@article{dalalyan2017theoretical,
  title={Theoretical guarantees for approximate sampling from smooth and log-concave densities},
  author={Dalalyan, Arnak S},
  journal={Journal of the Royal Statistical Society: Series B (Statistical Methodology)},
  volume={79},
  number={3},
  pages={651--676},
  year={2017},
  publisher={Wiley Online Library}
}


@article{metropolis1953equation,
  title={Equation of state calculations by fast computing machines},
  author={Metropolis, Nicholas and Rosenbluth, Arianna W and Rosenbluth, Marshall N and Teller, Augusta H and Teller, Edward},
  journal={The journal of chemical physics},
  volume={21},
  number={6},
  pages={1087--1092},
  year={1953},
  publisher={AIP}
}

@book{gyorfi2006distribution,
  title={A distribution-free theory of nonparametric regression},
  author={Gy{\"o}rfi, L{\'a}szl{\'o} and Kohler, Michael and Krzyzak, Adam and Walk, Harro},
  year={2006},
  publisher={Springer Science \& Business Media}
}

@article{brosse2018diffusion,
  title={Diffusion approximations and control variates for MCMC},
  author={Brosse, Nicolas and Durmus, Alain and Meyn, Sean and Moulines, Eric},
  journal={arXiv preprint arXiv:1808.01665},
  year={2018}
}

@article{audibert2011robust,
  title={Robust linear least squares regression},
  author={Audibert, Jean-Yves and Catoni, Olivier and others},
  journal={The Annals of Statistics},
  volume={39},
  number={5},
  pages={2766--2794},
  year={2011},
  publisher={Institute of Mathematical Statistics}
}

@article{aida1994moment,
  title={Moment estimates derived from Poincar{\'e} and logarithmic Sobolev inequalities},
  author={Aida, Shigeki and Stroock, Daniel},
  journal={Mathematical Research Letters},
  volume={1},
  number={1},
  pages={75--86},
  year={1994},
  publisher={International Press of Boston}
}


@ARTICLE{mengersen:tweedie:1996,
  author = {Mengersen, K. and Tweedie, R. L.},
  title = {Rates of Convergence of the {H}astings and {M}etropolis Algorithms},
  journal = {Ann. Statist.},
  year = {1996},
  volume = {24},
  pages = {101--121}
}
